@unpublished{consensusbernardino,
    title       = {Solution of Distributed Optimization Problems: The consensus algorithm},
    author      = {Alexandre Bernardino},
    date        = {2018-11-14},
    institution = {Instituto Superior Técnico},
    howpublished      = {Real-Time Distributed Control Systems 2017/18 course material},
}

@book{bennett1994real,
  title={Real-time computer control: an introduction},
  author={Bennett, Stuart},
  volume={88},
  year={1994},
  publisher={Prentice Hall Englewood Cliffs}
}

@unpublished{slides,
  title={Real-Time Distributed Control Systems course slides},
  author={Bernardino, Alexandre},
  year={2018},
  institution = {Instituto Superior Técnico},
}

@book{enunciado_projeto,
  title={Enunciado},
  author={Bernardino, Alexandre},
  %%volume={88},
  %%year={1994},
  %%publisher={Prentice Hall Englewood Cliffs}
}

@inproceedings{pandharipande2015centralized,
  title={Centralized lighting control with luminaire-based occupancy and light sensing},
  author={Pandharipande, Ashish and Rossi, Marco and Caicedo, David and Schenato, Luca and Cenedese, Angelo},
  booktitle={Industrial Informatics (INDIN), 2015 IEEE 13th International Conference on},
  pages={31--36},
  year={2015},
  organization={IEEE}
}

@article{mahoor2017hierarchical,
  title={A hierarchical smart street lighting system with brute-force energy optimization},
  author={Mahoor, Mohsen and Salmasi, Farzad Rajaei and Najafabadi, Tooraj Abbasian},
  journal={IEEE Sens. J},
  volume={17},
  number={9},
  pages={2871--2879},
  year={2017}
}

@book{astrom2010feedback,
  title={Feedback systems: an introduction for scientists and engineers},
  author={Astr{\"o}m, Karl Johan and Murray, Richard M},
  year={2010},
  publisher={Princeton university press}
}

@online{pwm-guide,
  title={How To Change Frequency On PWM Pins Of Arduino UNO},
  author={eTechnophiles},
  url={https://etechnophiles.com/change-frequency-pwm-pins-arduino-uno/},
  urldate={2019-01-11},
  year={2017},
}














